@BOOK {scott,
    author    = "D.W. Scott",
    title     = "Multivariate Density Estimation.",
    publisher = "New York: Wiley",
    year      = "1992"
}

@BOOK {silverman,
    author    = "B.W. Silverman",
    title     = "Density Estimation for Statistics and Data Analysis.",
    publisher = "London: Chapman and Hall",
    year      = "1986"
}

@INPROCEEDINGS {wirz:1,
    author    = "M. Wirz and T. Franke and D. Roggen and E. Mitleton-Kelly and P. Lukowicz and G. Tröster",
    title     = "Inferring and visualizing crowd conditions by collecting GPS location traces from pedestrians mobile phones for real-time crowd monitoring during city-scale mass gatherings.",
    booktitle = "Collaborative Technology for Coordinating Crisis Management (CT2CM) track of WETICE-2012",
    year      = "2012"
}

@ARTICLE {wirz:2,
    author  = "M. Wirz and T. Franke and D. Roggen and E. Mitleton-Kelly and P. Lukowicz and G. Tröster",
    title   = "Probing crowd density through smartphones in city-scale mass gatherings",
    journal = "EPJ Data Science",
    year    = "2013",
    volume  = "2",
    number  = "5"
}

@ARTICLE {weppner:1,
    author  = "J. Weppner and P. Lukowicz and U. Blanke and G. Tröster",
    title   = "Participatory Bluetooth Scans Serving as Urban Crowd Probes",
    journal = "IEEE Sensors Journal",
    year    = "2014",
    volume  = "14",
    number  = "12"
}

@INPROCEEDINGS {schauer:1,
    author    = "L. Schauer and M. Werner and P. Marcus",
    title     = "Estimating Crowd Densities and Pedestrian Flows Using Wi-Fi and Bluetooth",
    booktitle = "11th International Conference on Mobile and Ubiquitous Systems: Computing, Networking and Services (MOBIQUITOUS 2014)",
    year      = "2014"
}